<record><leader>00000cas a22000007a 4500</leader><controlfield tag="001">12401980</controlfield><controlfield tag="008">850820d18741920pauwr ne      0    0eng d</controlfield><datafield ind1=" " ind2=" " tag="010"><subfield code="a">sn 85038441 </subfield></datafield><datafield ind1=" " ind2=" " tag="040"><subfield code="a">NPY</subfield><subfield code="b">eng</subfield><subfield code="c">NPY</subfield><subfield code="d">NPH</subfield><subfield code="d">NPX</subfield><subfield code="d">NPH</subfield><subfield code="d">OCLCQ</subfield><subfield code="d">TGN</subfield><subfield code="d">OCLCQ</subfield><subfield code="d">OCLCF</subfield><subfield code="d">OCLCO</subfield></datafield><datafield ind1="1" ind2=" " tag="029"><subfield code="a">AU@</subfield><subfield code="b">000026869691</subfield></datafield><datafield ind1=" " ind2=" " tag="042"><subfield code="a">msc</subfield></datafield><datafield ind1=" " ind2=" " tag="043"><subfield code="a">n-us-pa</subfield></datafield><datafield ind1="0" ind2=" " tag="130"><subfield code="a">Potter enterprise (Coudersport, Pa. : 1874)</subfield></datafield><datafield ind1="1" ind2="4" tag="245"><subfield code="a">The Potter enterprise.</subfield></datafield><datafield ind1="3" ind2="0" tag="246"><subfield code="a">Potter County enterprise</subfield></datafield><datafield ind1=" " ind2=" " tag="260"><subfield code="a">Coudersport, Potter County, Pa. :</subfield><subfield code="b">Enterprise Print. Co.,</subfield><subfield code="c">-1920.</subfield></datafield><datafield ind1=" " ind2=" " tag="300"><subfield code="a">v. ;</subfield><subfield code="c">61-72 cm.</subfield></datafield><datafield ind1=" " ind2=" " tag="310"><subfield code="a">Weekly</subfield></datafield><datafield ind1="1" ind2=" " tag="362"><subfield code="a">Began with May 1, 1874 issue.</subfield><subfield code="z">Cf. Gregory, W. Amer. newspapers.</subfield></datafield><datafield ind1="0" ind2=" " tag="362"><subfield code="a">-v. 46, no. 43 (Mar. 25, 1920).</subfield></datafield><datafield ind1=" " ind2=" " tag="500"><subfield code="a">Published as: Potter County enterprise, May 28-Sept. 10, 1890.</subfield></datafield><datafield ind1=" " ind2=" " tag="500"><subfield code="a">Publishers: Enterprise Print. Co., &lt;1875&gt;; W.W. Thompson, &lt;1876&gt;.</subfield></datafield><datafield ind1=" " ind2=" " tag="500"><subfield code="a">"Democratic," &lt;1876&gt;.</subfield></datafield><datafield ind1=" " ind2=" " tag="588"><subfield code="a">Description based on: Vol. 1, no. 31 (Dec. 24, 1874).</subfield></datafield><datafield ind1=" " ind2="0" tag="651"><subfield code="a">Coudersport (Pa.)</subfield><subfield code="v">Newspapers.</subfield></datafield><datafield ind1=" " ind2="0" tag="651"><subfield code="a">Potter County (Pa.)</subfield><subfield code="v">Newspapers.</subfield></datafield><datafield ind1=" " ind2="7" tag="655"><subfield code="a">Newspapers.</subfield><subfield code="2">fast</subfield><subfield code="0">(OCoLC)fst01423814</subfield></datafield><datafield ind1=" " ind2="7" tag="651"><subfield code="a">Pennsylvania</subfield><subfield code="z">Coudersport.</subfield><subfield code="2">fast</subfield><subfield code="0">(OCoLC)fst01277666</subfield></datafield><datafield ind1=" " ind2="7" tag="651"><subfield code="a">Pennsylvania</subfield><subfield code="z">Potter County.</subfield><subfield code="2">fast</subfield><subfield code="0">(OCoLC)fst01212423</subfield></datafield><datafield ind1=" " ind2=" " tag="752"><subfield code="a">United States</subfield><subfield code="b">Pennsylvania</subfield><subfield code="c">Potter</subfield><subfield code="d">Coudersport.</subfield></datafield><datafield ind1="0" ind2="7" tag="785"><subfield code="t">Potter independent</subfield><subfield code="w">(DLC)sn 86081153</subfield></datafield><datafield ind1="0" ind2="7" tag="785"><subfield code="t">Potter enterprise and the Potter independent</subfield><subfield code="w">(DLC)sn 86081152</subfield></datafield></record>